@online{choosing_region,
  author = "Saud Albazei",
  url = "https://aws.amazon.com/es/blogs/architecture/what-to-consider-when-selecting-a-region-for-your-workloads/",
  keywords = {aws, regions, availability zones, data centers, cloud, cloud computing},
  year = "2021",
}

@online{google_regions,
  author = "Google Cloud",
  url = "https://cloud.google.com/about/locations?hl=es-419",
  keywords = {google, regions, availability zones, data centers, cloud, cloud computing},
  year = "2021",
}

